@STRING(p-ieee    = "Proc. IEEE")
@STRING(t-comp    = "IEEE Trans. Comput.")
@STRING(t-casii   = "IEEE Trans. Circuits Syst. II")
@STRING(t-casvt   = "IEEE Trans. Circuits Syst. Video Technol.")
@STRING(t-vlsi    = "IEEE Trans. VLSI Syst.")
@STRING(t-comm    = "IEEE Trans. Commun.")
@STRING(t-sp      = "IEEE Trans. Signal Processing")
@STRING(t-pds     = "IEEE Trans. Parallel Distrib. Syst.")
@STRING(t-it      = "IEEE Trans. Inform. Theory")
@STRING(t-assp    = "IEEE Trans. Acoust., Speech, Signal Processing") 
@STRING(t-ae      = "IEEE Trans. on Audio and Electroacoustics")
@STRING(t-emc     = "IEEE Trans. Electromagn. Compat.")
@STRING(t-ce      = "IEEE Trans. Consumer Electron.")
@STRING(j-ssc     = "IEEE J. Solid-State Circuits")
@STRING(t-cadics  = "IEEE Trans. Computer-Aided Design of Integrated Circuits 
                     and Systems")
@STRING(m-comm    = "IEEE Commun. Mag.")
@STRING(int-comp  = "Integrated Computer-Aided Eng.")
@STRING(m-dtc     = "IEEE Des. Test Comput.")
@STRING(j-acm     = "Journal of the ACM")
@STRING(j-vlsisp  = "Journal of VLSI Signal Processing")
@STRING(sp        = "Signal Processing")
@STRING(rti       = "Real-Time Imaging")
@STRING(iee-com   = "IEE Proceedings - Communications")
@STRING(mc        = "Mathematics of Computation")
@STRING(el        = "Electronics Letters")
@STRING(cssp      = "Circuits, Systems, and Signal Processing")
@STRING(pc        = "Parallel Computing")
@STRING(iscas     = "Proc. IEEE Int. Symposium on Circuits and Systems")
@STRING(icassp    = "Proc. IEEE Int. Conference on Acoustics, Speech, and 
                     Signal Processing")
@STRING(cicc      = "Proc. IEEE Custom Integrated Circuits Conference")
@STRING{spe      = "Software - Practice and Experience"}
@STRING{pldi     = "Proc. Conf. on Programming Languages Design and Implementation"}


@STRING{kap      ="Kluwer Academic Publishers"}
@STRING{tresoc   ="Intl. Symposium on Soc"}



@Article{wolf08,
  author = 	 {W. Wolf and A.A. Jerraya and G. Martin},
  title = 	 {Multiprocessor System-on-Chip{(MPSoC)} Technology},
  journal = 	 t-cadics,
  year = 	 {2008},
  OPTkey = 	 {},
  volume = 	 {27},
  number = 	 {10},
  pages = 	 {1701--1713},
  month = 	 {Oct.},
  OPTnote = 	 {},
  OPTannote = 	 {}
}

@article{ramanath2005color,
  title={Color image processing pipeline},
  author={Ramanath, R and Snyder, WE and Yoo, Y and Drew, MS},
  journal={IEEE Signal processing magazine},
  volume={22},
  number={1},
  pages={34--43},
  year={2005},
  doi={https://doi.org/10.1109/MSP.2005.1407713}
}

@article{anscombe1949statistical,
  title={The statistical analysis of insect counts based on the negative binomial distribution},
  author={Anscombe, FJ},
  journal={Biometrics},
  volume={5},
  number={2},
  pages={165--173},
  year={1949}
}

@article{yu2011dct,
  title={DCT Image Denoising: a Simple and Effective Image Denoising Algorithm},
  author={Yu, G and Sapiro, G},
  journal={Image Processing On Line},
  volume={1},
  pages={292--296},
  year={2011},
  doi={https://doi.org/10.5201/ipol.2011.ys-dct}
}

@article{poissonnoise2011,
  author={Makitalo, Markku and Foi, Alessandro},
  journal={IEEE Transactions on Image Processing},
  title={A Closed-Form Approximation of the Exact Unbiased Inverse of the Anscombe Variance-Stabilizing Transformation},
  year={2011},
  volume={20},
  number={9},
  pages={2697-2698},
  doi={10.1109/TIP.2011.2121085}
}
