%% This BibTeX bibliography file was created using BibDesk.
%% https://bibdesk.sourceforge.io/

%% Created for Roosa Kuusivaara at 2023-11-20 20:33:49 +0200 


%% Saved with string encoding Unicode (UTF-8) 


@string{cicc = {Proc. IEEE Custom Integrated Circuits Conference}}

@string{cssp = {Circuits, Systems, and Signal Processing}}

@string{el = {Electronics Letters}}

@string{icassp = {Proc. IEEE Int. Conference on Acoustics, Speech, and Signal Processing}}

@string{iee-com = {IEE Proceedings - Communications}}

@string{int-comp = {Integrated Computer-Aided Eng.}}

@string{iscas = {Proc. IEEE Int. Symposium on Circuits and Systems}}

@string{j-acm = {Journal of the ACM}}

@string{j-ssc = {IEEE J. Solid-State Circuits}}

@string{j-vlsisp = {Journal of VLSI Signal Processing}}

@string{kap = {Kluwer Academic Publishers}}

@string{m-comm = {IEEE Commun. Mag.}}

@string{m-dtc = {IEEE Des. Test Comput.}}

@string{mc = {Mathematics of Computation}}

@string{p-ieee = {Proc. IEEE}}

@string{pc = {Parallel Computing}}

@string{pldi = {Proc. Conf. on Programming Languages Design and Implementation}}

@string{rti = {Real-Time Imaging}}

@string{sp = {Signal Processing}}

@string{spe = {Software - Practice and Experience}}

@string{t-ae = {IEEE Trans. on Audio and Electroacoustics}}

@string{t-assp = {IEEE Trans. Acoust., Speech, Signal Processing}}

@string{t-cadics = {IEEE Trans. Computer-Aided Design of Integrated Circuits and Systems}}

@string{t-casii = {IEEE Trans. Circuits Syst. II}}

@string{t-casvt = {IEEE Trans. Circuits Syst. Video Technol.}}

@string{t-ce = {IEEE Trans. Consumer Electron.}}

@string{t-comm = {IEEE Trans. Commun.}}

@string{t-comp = {IEEE Trans. Comput.}}

@string{t-emc = {IEEE Trans. Electromagn. Compat.}}

@string{t-it = {IEEE Trans. Inform. Theory}}

@string{t-pds = {IEEE Trans. Parallel Distrib. Syst.}}

@string{t-sp = {IEEE Trans. Signal Processing}}

@string{t-vlsi = {IEEE Trans. VLSI Syst.}}

@string{tresoc = {Intl. Symposium on Soc}}


@manual{assignment,
	author = {Igor Shevkunov},
	date-added = {2023-11-20 19:55:03 +0200},
	date-modified = {2023-11-20 19:56:22 +0200},
	month = {Autumn},
	title = {Signal processing in Digital Holography},
	year = {2023}}

@book{holography,
	author = {T.-C. Poon},
	date-added = {2023-11-20 19:48:00 +0200},
	date-modified = {2023-11-20 19:58:42 +0200},
	title = {Optical scanning holography with MATLAB},
	volume = {21},
	year = {2007}}

@article{wolf08,
	author = {W. Wolf and A.A. Jerraya and G. Martin},
	journal = t-cadics,
	month = {Oct.},
	number = {10},
	pages = {1701--1713},
	title = {Multiprocessor System-on-Chip{(MPSoC)} Technology},
	volume = {27},
	year = {2008}}
