@STRING(p-ieee    = "Proc. IEEE")
@STRING(t-comp    = "IEEE Trans. Comput.")
@STRING(t-casii   = "IEEE Trans. Circuits Syst. II")
@STRING(t-casvt   = "IEEE Trans. Circuits Syst. Video Technol.")
@STRING(t-vlsi    = "IEEE Trans. VLSI Syst.")
@STRING(t-comm    = "IEEE Trans. Commun.")
@STRING(t-sp      = "IEEE Trans. Signal Processing")
@STRING(t-pds     = "IEEE Trans. Parallel Distrib. Syst.")
@STRING(t-it      = "IEEE Trans. Inform. Theory")
@STRING(t-assp    = "IEEE Trans. Acoust., Speech, Signal Processing") 
@STRING(t-ae      = "IEEE Trans. on Audio and Electroacoustics")
@STRING(t-emc     = "IEEE Trans. Electromagn. Compat.")
@STRING(t-ce      = "IEEE Trans. Consumer Electron.")
@STRING(j-ssc     = "IEEE J. Solid-State Circuits")
@STRING(t-cadics  = "IEEE Trans. Computer-Aided Design of Integrated Circuits 
                     and Systems")
@STRING(m-comm    = "IEEE Commun. Mag.")
@STRING(int-comp  = "Integrated Computer-Aided Eng.")
@STRING(m-dtc     = "IEEE Des. Test Comput.")
@STRING(j-acm     = "Journal of the ACM")
@STRING(j-vlsisp  = "Journal of VLSI Signal Processing")
@STRING(sp        = "Signal Processing")
@STRING(rti       = "Real-Time Imaging")
@STRING(iee-com   = "IEE Proceedings - Communications")
@STRING(mc        = "Mathematics of Computation")
@STRING(el        = "Electronics Letters")
@STRING(cssp      = "Circuits, Systems, and Signal Processing")
@STRING(pc        = "Parallel Computing")
@STRING(iscas     = "Proc. IEEE Int. Symposium on Circuits and Systems")
@STRING(icassp    = "Proc. IEEE Int. Conference on Acoustics, Speech, and 
                     Signal Processing")
@STRING(cicc      = "Proc. IEEE Custom Integrated Circuits Conference")
@STRING{spe      = "Software - Practice and Experience"}
@STRING{pldi     = "Proc. Conf. on Programming Languages Design and Implementation"}


@STRING{kap      ="Kluwer Academic Publishers"}
@STRING{tresoc   ="Intl. Symposium on Soc"}



@Article{wolf08,
  author = 	 {W. Wolf and A.A. Jerraya and G. Martin},
  title = 	 {Multiprocessor System-on-Chip{(MPSoC)} Technology},
  journal = 	 t-cadics,
  year = 	 {2008},
  OPTkey = 	 {},
  volume = 	 {27},
  number = 	 {10},
  pages = 	 {1701--1713},
  month = 	 {Oct.},
  OPTnote = 	 {},
  OPTannote = 	 {}
}

@incollection{pytorch,
  title = {PyTorch: An Imperative Style, High-Performance Deep Learning Library},
  author = {Paszke, Adam and Gross, Sam and Massa, Francisco and Lerer, Adam and Bradbury, James and Chanan, Gregory and Killeen, Trevor and Lin, Zeming and Gimelshein, Natalia and Antiga, Luca and Desmaison, Alban and Kopf, Andreas and Yang, Edward and DeVito, Zachary and Raison, Martin and Tejani, Alykhan and Chilamkurthy, Sasank and Steiner, Benoit and Fang, Lu and Bai, Junjie and Chintala, Soumith},
  booktitle = {Advances in Neural Information Processing Systems 32},
  editor = {H. Wallach and H. Larochelle and A. Beygelzimer and F. d'Alché-Buc and E. Fox and R. Garnett},
  pages = {8024--8035},
  year = {2019},
  publisher = {Curran Associates, Inc.},
  url = {http://papers.nips.cc/paper/9015-pytorch-an-imperative-style-high-performance-deep-learning-library.pdf}
}

@misc{genki,
  author = {MPLab},
  title = {The MPLab GENKI Database},
  year = {2008},
  note = {[Data file]. Available from \url{http://mplab.ucsd.edu}.}
}

@book{dlbook,
    title={Deep Learning},
    author={Ian Goodfellow and Yoshua Bengio and Aaron Courville},
    publisher={MIT Press},
    note={\url{http://www.deeplearningbook.org}},
    year={2016}
}

@inproceedings{adamw,
  title={Decoupled Weight Decay Regularization},
  author={Loshchilov, Ilya and Hutter, Frank},
  booktitle={International Conference on Learning Representations},
  year={2019},
  url={https://openreview.net/forum?id=rkgO66VKDS}
}
