@STRING(p-ieee    = "Proc. IEEE")
@STRING(t-comp    = "IEEE Trans. Comput.")
@STRING(t-casii   = "IEEE Trans. Circuits Syst. II")
@STRING(t-casvt   = "IEEE Trans. Circuits Syst. Video Technol.")
@STRING(t-vlsi    = "IEEE Trans. VLSI Syst.")
@STRING(t-comm    = "IEEE Trans. Commun.")
@STRING(t-sp      = "IEEE Trans. Signal Processing")
@STRING(t-pds     = "IEEE Trans. Parallel Distrib. Syst.")
@STRING(t-it      = "IEEE Trans. Inform. Theory")
@STRING(t-assp    = "IEEE Trans. Acoust., Speech, Signal Processing") 
@STRING(t-ae      = "IEEE Trans. on Audio and Electroacoustics")
@STRING(t-emc     = "IEEE Trans. Electromagn. Compat.")
@STRING(t-ce      = "IEEE Trans. Consumer Electron.")
@STRING(j-ssc     = "IEEE J. Solid-State Circuits")
@STRING(t-cadics  = "IEEE Trans. Computer-Aided Design of Integrated Circuits 
                     and Systems")
@STRING(m-comm    = "IEEE Commun. Mag.")
@STRING(int-comp  = "Integrated Computer-Aided Eng.")
@STRING(m-dtc     = "IEEE Des. Test Comput.")
@STRING(j-acm     = "Journal of the ACM")
@STRING(j-vlsisp  = "Journal of VLSI Signal Processing")
@STRING(sp        = "Signal Processing")
@STRING(rti       = "Real-Time Imaging")
@STRING(iee-com   = "IEE Proceedings - Communications")
@STRING(mc        = "Mathematics of Computation")
@STRING(el        = "Electronics Letters")
@STRING(cssp      = "Circuits, Systems, and Signal Processing")
@STRING(pc        = "Parallel Computing")
@STRING(iscas     = "Proc. IEEE Int. Symposium on Circuits and Systems")
@STRING(icassp    = "Proc. IEEE Int. Conference on Acoustics, Speech, and 
                     Signal Processing")
@STRING(cicc      = "Proc. IEEE Custom Integrated Circuits Conference")
@STRING{spe      = "Software - Practice and Experience"}
@STRING{pldi     = "Proc. Conf. on Programming Languages Design and Implementation"}


@STRING{kap      ="Kluwer Academic Publishers"}
@STRING{tresoc   ="Intl. Symposium on Soc"}



@Article{wolf08,
  author = 	 {W. Wolf and A.A. Jerraya and G. Martin},
  title = 	 {Multiprocessor System-on-Chip{(MPSoC)} Technology},
  journal = 	 t-cadics,
  year = 	 {2008},
  OPTkey = 	 {},
  volume = 	 {27},
  number = 	 {10},
  pages = 	 {1701--1713},
  month = 	 {Oct.},
  OPTnote = 	 {},
  OPTannote = 	 {}
}

@manual{labassignment,
    title = {Characterizing holographic displays via
numerical simulations},
    author = {Jani Mäkinen},
    year = {2023},
    month = {August},
    day = {31},
    publisher = {Tampere University},
    course = {COMP.SGN.240 ADVANCED SIGNAL PROCESSING LABORATORY},
    note = {Laboratory assignment instructions}
}

@article{goodman2005introduction,
  added-at = {2015-04-24T17:23:29.000+0200},
  author = {Goodman, Joseph W},
  biburl = {https://www.bibsonomy.org/bibtex/29478b0f25c5c971e1eb30ae74f86b5a5/gyllion},
  interhash = {7b67446d0c7d19c43b9539c71dccbe5c},
  intrahash = {9478b0f25c5c971e1eb30ae74f86b5a5},
  journal = {Introduction to Fourier optics, 3rd ed., by JW Goodman. Englewood, CO: Roberts \& Co. Publishers, 2005},
  keywords = {fourier optics},
  timestamp = {2015-04-24T17:23:29.000+0200},
  title = {Introduction to Fourier optics},
  volume = 1,
  year = 2005
}
